<collection xmlns="http://www.loc.gov/MARC21/slim">
<record>
  <leader>01426nam0a2200277 i 450 </leader>
  <controlfield tag="001">IT\ICCU\CNCE\015532</controlfield>
  <controlfield tag="005">20140613000000.0</controlfield>
  <datafield tag="012" ind1=" " ind2=" ">
    <subfield code="a">e,n- i-nt isut cua, (C) 1554 (Q)</subfield>
    <subfield code="2">fei</subfield>
  </datafield>
  <datafield tag="100" ind1=" " ind2=" ">
    <subfield code="a">19970101f1554        0itac0103    ba</subfield>
  </datafield>
  <datafield tag="101" ind1=" " ind2=" ">
    <subfield code="a">LAT</subfield>
  </datafield>
  <datafield tag="102" ind1=" " ind2=" ">
    <subfield code="a">IT</subfield>
  </datafield>
  <datafield tag="200" ind1="1" ind2=" ">
    <subfield code="a">Prefatio in constitutiones Confraternitatum sanctissimi sepulchri Dominici Hierosolymitani, vbi de institutione, scopo, &amp; publicatione huius societatis agitur</subfield>
  </datafield>
  <datafield tag="210" ind1=" " ind2=" ">
    <subfield code="d">\1554?!</subfield>
  </datafield>
  <datafield tag="215" ind1=" " ind2=" ">
    <subfield code="a">\4! c.</subfield>
    <subfield code="d">4ʻ</subfield>
  </datafield>
  <datafield tag="300" ind1=" " ind2=" ">
    <subfield code="a">Stampata presumibilmente da Antonio Blado. - La data si ricava dal testo</subfield>
  </datafield>
  <datafield tag="620" ind1=" " ind2=" ">
    <subfield code="a">IT</subfield>
    <subfield code="d">Roma</subfield>
  </datafield>
  <datafield tag="710" ind1="0" ind2="2">
    <subfield code="a">Arciconfraternita del SS. Sepolcro</subfield>
    <subfield code="c"> &lt;Roma&gt;</subfield>
    <subfield code="3">IT\ICCU\CNCT\004035</subfield>
  </datafield>
  <datafield tag="712" ind1="0" ind2="0">
    <subfield code="a">Blado, Antonio</subfield>
    <subfield code="3">IT\ICCU\CNCT\000157</subfield>
    <subfield code="4">650</subfield>
  </datafield>
  <datafield tag="791" ind1="0" ind2="2">
    <subfield code="a">Archiconfraternitas Sanctissimi Sepulchri Dominici Hierosolimitani</subfield>
    <subfield code="3">IT\ICCU\CNCT\004036</subfield>
    <subfield code="z">Arciconfraternita del SS. Sepolcro &lt;Roma&gt;</subfield>
  </datafield>
  <datafield tag="791" ind1="0" ind2="2">
    <subfield code="a">Societas Sanctissimi Sepulchri Domini Nostri Iesu Christi</subfield>
    <subfield code="3">IT\ICCU\CNCT\004037</subfield>
    <subfield code="z">Arciconfraternita del SS. Sepolcro &lt;Roma&gt;</subfield>
  </datafield>
  <datafield tag="791" ind1="0" ind2="2">
    <subfield code="a">Societas Sanctissimi Sepulchri Hierosolimitani</subfield>
    <subfield code="3">IT\ICCU\CNCT\004038</subfield>
    <subfield code="z">Arciconfraternita del SS. Sepolcro &lt;Roma&gt;</subfield>
  </datafield>
  <datafield tag="791" ind1="0" ind2="2">
    <subfield code="a">Antonio d&apos;Asola</subfield>
    <subfield code="3">IT\ICCU\CNCT\003628</subfield>
    <subfield code="z">Blado, Antonio</subfield>
  </datafield>
  <datafield tag="791" ind1="0" ind2="0">
    <subfield code="a">Bladus, Antonius</subfield>
    <subfield code="3">IT\ICCU\CNCT\004402</subfield>
    <subfield code="z">Blado, Antonio</subfield>
  </datafield>
  <datafield tag="791" ind1="0" ind2="0">
    <subfield code="a">Bladi, Antonio de</subfield>
    <subfield code="3">IT\ICCU\CNCT\004403</subfield>
    <subfield code="z">Blado, Antonio</subfield>
  </datafield>
  <datafield tag="801" ind1=" " ind2="3">
    <subfield code="a">IT</subfield>
    <subfield code="b">ICCU</subfield>
    <subfield code="c">20201114</subfield>
  </datafield>
  <datafield tag="899" ind1=" " ind2=" ">
    <subfield code="a">Biblioteca Angelica. Roma</subfield>
    <subfield code="1">RM0290</subfield>
    <subfield code="2">RML 06</subfield>
  </datafield>
</record>
</collection>
